<?xml version="1.0" encoding="UTF-8"?>
  <record xmlns="http://www.loc.gov/MARC21/slim" type="Authority">
    <leader>00000nz  a2200000nc 4500</leader>
    <controlfield tag="001">142216453</controlfield>
    <controlfield tag="003">DE-101</controlfield>
    <controlfield tag="005">20211203082501.0</controlfield>
    <controlfield tag="008">100902n||azznnaabn           | aaa    |c</controlfield>
    <datafield tag="024" ind1="7" ind2=" ">
      <subfield code="a">142216453</subfield>
      <subfield code="0">http://d-nb.info/gnd/142216453</subfield>
      <subfield code="2">gnd</subfield>
    </datafield>
    <datafield tag="035" ind1=" " ind2=" ">
      <subfield code="a">(DE-101)142216453</subfield>
    </datafield>
    <datafield tag="035" ind1=" " ind2=" ">
      <subfield code="a">(DE-588)142216453</subfield>
    </datafield>
    <datafield tag="035" ind1=" " ind2=" ">
      <subfield code="z">(DE-588)172814510</subfield>
    </datafield>
    <datafield tag="035" ind1=" " ind2=" ">
      <subfield code="z">(DE-588a)172814510</subfield>
      <subfield code="9">v:zg</subfield>
    </datafield>
    <datafield tag="035" ind1=" " ind2=" ">
      <subfield code="z">(DE-588a)142216453</subfield>
      <subfield code="9">v:zg</subfield>
    </datafield>
    <datafield tag="040" ind1=" " ind2=" ">
      <subfield code="a">DE-101</subfield>
      <subfield code="c">DE-101</subfield>
      <subfield code="9">r:DE-101</subfield>
      <subfield code="b">ger</subfield>
      <subfield code="d">8999</subfield>
    </datafield>
    <datafield tag="042" ind1=" " ind2=" ">
      <subfield code="a">gnd1</subfield>
    </datafield>
    <datafield tag="043" ind1=" " ind2=" ">
      <subfield code="c">XA-IT</subfield>
    </datafield>
    <datafield tag="065" ind1=" " ind2=" ">
      <subfield code="a">3.6p</subfield>
      <subfield code="2">sswd</subfield>
    </datafield>
    <datafield tag="075" ind1=" " ind2=" ">
      <subfield code="b">p</subfield>
      <subfield code="2">gndgen</subfield>
    </datafield>
    <datafield tag="075" ind1=" " ind2=" ">
      <subfield code="b">piz</subfield>
      <subfield code="2">gndspec</subfield>
    </datafield>
    <datafield tag="079" ind1=" " ind2=" ">
      <subfield code="a">g</subfield>
      <subfield code="q">a</subfield>
      <subfield code="q">f</subfield>
      <subfield code="q">s</subfield>
      <subfield code="u">v</subfield>
      <subfield code="u">o</subfield>
    </datafield>
    <datafield tag="100" ind1="1" ind2=" ">
      <subfield code="a">Gabrielli, Giovanni Maria</subfield>
      <subfield code="d">1654-1711</subfield>
    </datafield>
    <datafield tag="375" ind1=" " ind2=" ">
      <subfield code="a">1</subfield>
      <subfield code="2">iso5218</subfield>
    </datafield>
    <datafield tag="400" ind1="1" ind2=" ">
      <subfield code="a">Gabrieli, Johannes Maria</subfield>
      <subfield code="d">1654-1711</subfield>
    </datafield>
    <datafield tag="400" ind1="1" ind2=" ">
      <subfield code="a">Gabrielli, Johannes Maria</subfield>
      <subfield code="d">1654-1711</subfield>
    </datafield>
    <datafield tag="400" ind1="1" ind2=" ">
      <subfield code="a">Gabrieli, Giovanni Maria</subfield>
      <subfield code="d">1654-1711</subfield>
    </datafield>
    <datafield tag="400" ind1="1" ind2=" ">
      <subfield code="a">Gabriellius, Joannes Maria</subfield>
      <subfield code="d">1654-1711</subfield>
    </datafield>
    <datafield tag="400" ind1="1" ind2=" ">
      <subfield code="a">Gabriellius, Johannes Maria</subfield>
      <subfield code="d">1654-1711</subfield>
    </datafield>
    <datafield tag="400" ind1="1" ind2=" ">
      <subfield code="a">Gabrieli, Giovanni</subfield>
      <subfield code="d">1654-1711</subfield>
    </datafield>
    <datafield tag="400" ind1="1" ind2=" ">
      <subfield code="a">Gabrieli, Johannes</subfield>
      <subfield code="d">1654-1711</subfield>
    </datafield>
    <datafield tag="400" ind1="1" ind2=" ">
      <subfield code="a">Gabrielli, Giovanni Maria</subfield>
      <subfield code="c">Kardinal</subfield>
      <subfield code="d">1654-1711</subfield>
    </datafield>
    <datafield tag="400" ind1="1" ind2=" ">
      <subfield code="a">Gabrieli, Giovanni Maria</subfield>
      <subfield code="c">Kardinal</subfield>
      <subfield code="d">1654-1711</subfield>
    </datafield>
    <datafield tag="400" ind1="1" ind2=" ">
      <subfield code="a">Gabrieli, Johannes Maria</subfield>
      <subfield code="c">Kardinal</subfield>
      <subfield code="d">1654-1711</subfield>
    </datafield>
    <datafield tag="400" ind1="1" ind2=" ">
      <subfield code="a">Gabrieli di S. Florido, Giovanni Maria</subfield>
      <subfield code="d">1654-1711</subfield>
    </datafield>
    <datafield tag="400" ind1="1" ind2=" ">
      <subfield code="a">Gabrieli di S. Florido, Giov. Maria</subfield>
      <subfield code="d">1654-1711</subfield>
    </datafield>
    <datafield tag="548" ind1=" " ind2=" ">
      <subfield code="a">1654-1711</subfield>
      <subfield code="4">datl</subfield>
      <subfield code="4">https://d-nb.info/standards/elementset/gnd#dateOfBirthAndDeath</subfield>
      <subfield code="w">r</subfield>
      <subfield code="i">Lebensdaten</subfield>
    </datafield>
    <datafield tag="548" ind1=" " ind2=" ">
      <subfield code="a">10.01.1654-17.09.1711</subfield>
      <subfield code="4">datx</subfield>
      <subfield code="4">https://d-nb.info/standards/elementset/gnd#dateOfBirthAndDeath</subfield>
      <subfield code="w">r</subfield>
      <subfield code="i">Exakte Lebensdaten</subfield>
    </datafield>
    <datafield tag="550" ind1=" " ind2=" ">
      <subfield code="0">(DE-101)04163313X</subfield>
      <subfield code="0">(DE-588)4163313-1</subfield>
      <subfield code="0">https://d-nb.info/gnd/4163313-1</subfield>
      <subfield code="a">Kardinal</subfield>
      <subfield code="4">berc</subfield>
      <subfield code="4">https://d-nb.info/standards/elementset/gnd#professionOrOccupation</subfield>
      <subfield code="w">r</subfield>
      <subfield code="i">Charakteristischer Beruf</subfield>
    </datafield>
    <datafield tag="550" ind1=" " ind2=" ">
      <subfield code="0">(DE-101)040597563</subfield>
      <subfield code="0">(DE-588)4059756-8</subfield>
      <subfield code="0">https://d-nb.info/gnd/4059756-8</subfield>
      <subfield code="a">Theologe</subfield>
      <subfield code="4">beru</subfield>
      <subfield code="4">https://d-nb.info/standards/elementset/gnd#professionOrOccupation</subfield>
      <subfield code="w">r</subfield>
      <subfield code="i">Beruf</subfield>
    </datafield>
    <datafield tag="551" ind1=" " ind2=" ">
      <subfield code="0">(DE-101)04085275X</subfield>
      <subfield code="0">(DE-588)4085275-1</subfield>
      <subfield code="0">https://d-nb.info/gnd/4085275-1</subfield>
      <subfield code="a">Città di Castello</subfield>
      <subfield code="4">ortg</subfield>
      <subfield code="4">https://d-nb.info/standards/elementset/gnd#placeOfBirth</subfield>
      <subfield code="w">r</subfield>
      <subfield code="i">Geburtsort</subfield>
    </datafield>
    <datafield tag="551" ind1=" " ind2=" ">
      <subfield code="0">(DE-101)040851486</subfield>
      <subfield code="0">(DE-588)4085148-5</subfield>
      <subfield code="0">https://d-nb.info/gnd/4085148-5</subfield>
      <subfield code="a">Caprarola</subfield>
      <subfield code="4">orts</subfield>
      <subfield code="4">https://d-nb.info/standards/elementset/gnd#placeOfDeath</subfield>
      <subfield code="w">r</subfield>
      <subfield code="i">Sterbeort</subfield>
    </datafield>
    <datafield tag="667" ind1=" " ind2=" ">
      <subfield code="a">VD-17</subfield>
    </datafield>
    <datafield tag="667" ind1=" " ind2=" ">
      <subfield code="a">DBSM</subfield>
    </datafield>
    <datafield tag="670" ind1=" " ind2=" ">
      <subfield code="a">Archivio Biografico Italiano I 442,342 und I 443,33 (uneinheitlich)</subfield>
    </datafield>
    <datafield tag="670" ind1=" " ind2=" ">
      <subfield code="a">Stand: 02.12.2021</subfield>
      <subfield code="u">https://it.wikipedia.org/w/index.php?title=Giovanni_Maria_Gabrielli&amp;oldid=105516769</subfield>
    </datafield>
    <datafield tag="675" ind1=" " ind2=" ">
      <subfield code="a">LCAuth</subfield>
    </datafield>
    <datafield tag="678" ind1=" " ind2=" ">
      <subfield code="a">Zisterzienser, Generalabt des Zisterzienserordens und Präfekt des Collegio Urbano di Propaganda Fide</subfield>
    </datafield>
    <datafield tag="913" ind1=" " ind2=" ">
      <subfield code="S">pnd</subfield>
      <subfield code="i">a</subfield>
      <subfield code="a">Gabrieli, Johannes Maria</subfield>
      <subfield code="0">(DE-588a)142216453</subfield>
    </datafield>
    <datafield tag="913" ind1=" " ind2=" ">
      <subfield code="S">pnd</subfield>
      <subfield code="i">a</subfield>
      <subfield code="a">Gabrielli, Giovanni Maria</subfield>
      <subfield code="0">(DE-588a)172814510</subfield>
    </datafield>
  </record>
